@misc{kotlin-multiplatform,
    author    = {JetBrains},
    title     = {Kotlin Multiplatform},
    url       = {https://kotlinlang.org/docs/multiplatform.html},
}

@misc{kotlin-distributed,
    author    = {JetBrains},
    title     = {Kotlin Distributed},
    url       = {https://kotlinlang.org/docs/distributed.html},
}

@misc{mqtt-doc,
    author    = {MQTT.org},
    title     = {MQTT official documentation},
    url       = {https://mqtt.org},
}

@misc{mqtt-v5-oasis-doc,
    author    = {MQTT.org},
    title     = {MQTT Version 5.0 Specification},
    url       = {https://docs.oasis-open.org/mqtt/mqtt/v5.0/os/mqtt-v5.0-os.html},
}

@misc{kotlin-docs,
    author    = {JetBrains},
    title     = {Kotlin Documentation},
    url       = {https://kotlinlang.org/docs/home.html},
}

@misc{windows-docs,
  author       = {Microsoft},
  title        = {Windows Documentation},
  url          = {https://learn.microsoft.com/en-us/windows/},
}